<record><leader>00000cas a22000007a 4500</leader><controlfield tag="001">20681296</controlfield><controlfield tag="008">891121d18771880pauwr ne      0    0eng d</controlfield><datafield ind1=" " ind2=" " tag="010"><subfield code="a">sn 90069030 </subfield></datafield><datafield ind1=" " ind2=" " tag="040"><subfield code="a">NPH</subfield><subfield code="b">eng</subfield><subfield code="c">NPH</subfield><subfield code="d">OCLCQ</subfield></datafield><datafield ind1=" " ind2=" " tag="042"><subfield code="a">msc</subfield></datafield><datafield ind1="0" ind2="4" tag="245"><subfield code="a">The Langhorne and Hulmeville beacon.</subfield></datafield><datafield ind1="1" ind2="3" tag="246"><subfield code="a">Beacon</subfield></datafield><datafield ind1=" " ind2=" " tag="260"><subfield code="a">Langhorne, Pa. :</subfield><subfield code="b">Thomas Eastburn</subfield></datafield><datafield ind1=" " ind2=" " tag="300"><subfield code="a">v. :</subfield><subfield code="b">ill. (chiefly advertisements) ;</subfield><subfield code="c">72 cm.</subfield></datafield><datafield ind1=" " ind2=" " tag="310"><subfield code="a">Weekly</subfield></datafield><datafield ind1="1" ind2=" " tag="362"><subfield code="a">Began in 1877; ceased in 1880.</subfield></datafield><datafield ind1=" " ind2=" " tag="515"><subfield code="a">Issues for &lt;Oct. 11, 1877&gt; called also &lt;whole no. 267&gt;.</subfield></datafield><datafield ind1=" " ind2=" " tag="588"><subfield code="a">Description based on: Vol. 7, no. 35 (Oct. 11, 1877).</subfield></datafield><datafield ind1=" " ind2=" " tag="752"><subfield code="a">United States</subfield><subfield code="b">Pennsylvania</subfield><subfield code="c">Bucks</subfield><subfield code="d">Langhorne.</subfield></datafield><datafield ind1="0" ind2="0" tag="780"><subfield code="t">Hulmeville beacon</subfield><subfield code="w">(DLC)sn 83032112</subfield></datafield></record>